<record><leader>00000cas a22000007a 4500</leader><controlfield tag="001">20602819</controlfield><controlfield tag="008">891106d19691981couwr ne      0    0eng d</controlfield><datafield ind1=" " ind2=" " tag="010"><subfield code="a">sn 89052294 </subfield></datafield><datafield ind1=" " ind2=" " tag="040"><subfield code="a">CNQ</subfield><subfield code="b">eng</subfield><subfield code="c">CNQ</subfield><subfield code="d">OCLCQ</subfield></datafield><datafield ind1=" " ind2=" " tag="042"><subfield code="a">msc</subfield></datafield><datafield ind1="0" ind2="4" tag="245"><subfield code="a">The new Lyons recorder.</subfield></datafield><datafield ind1="1" ind2="7" tag="246"><subfield code="a">Lyons recorder</subfield></datafield><datafield ind1=" " ind2=" " tag="260"><subfield code="a">Longmont, Colo. :</subfield><subfield code="b">Max and Ada Lou Hammans</subfield></datafield><datafield ind1=" " ind2=" " tag="300"><subfield code="a">v.</subfield></datafield><datafield ind1=" " ind2=" " tag="310"><subfield code="a">Weekly</subfield></datafield><datafield ind1="0" ind2=" " tag="362"><subfield code="a">Vol. 1, no. 1 (Sept. 18, 1969)-v. 12, no. 45 (July 30, 1981).</subfield></datafield><datafield ind1=" " ind2=" " tag="500"><subfield code="a">Published as supplement in Longmont ledger, May 18, 1967-Sept. 11, 1969.</subfield></datafield><datafield ind1=" " ind2=" " tag="530"><subfield code="a">Available on microfilm from the Colorado Historical Society.</subfield></datafield><datafield ind1=" " ind2=" " tag="752"><subfield code="a">United States</subfield><subfield code="b">Colorado</subfield><subfield code="c">Boulder</subfield><subfield code="d">Longmont.</subfield></datafield><datafield ind1=" " ind2=" " tag="752"><subfield code="a">United States</subfield><subfield code="b">Colorado</subfield><subfield code="c">Boulder</subfield><subfield code="d">Lyons.</subfield></datafield><datafield ind1="0" ind2="0" tag="780"><subfield code="t">Lyons recorder</subfield><subfield code="w">(DLC)sn 89052293</subfield></datafield><datafield ind1="0" ind2="0" tag="785"><subfield code="t">Lyons recorder (Lyons, Colo. : 1981)</subfield><subfield code="w">(DLC)sn 89052295</subfield></datafield></record>